@article{zohdi2016macromicro,
  author    = {Zohdi, T. I.},
  doi       = {10.1016/j.ijengsci.2016.09.005},
  journal   = {International Journal of Engineering Science},
  pages     = {1--13},
  publisher = {El Sevier},
  title     = {An explicit macro-micro phase-averaged stress correlation for particle-enhanced composite materials in loaded structures},
  volume    = {109},
  year      = {2016},
}

@book{zohdi2012electromagnetic,
  author    = {Zohdi, T. I.},
  doi       = {10.1007/978-3-642-28427-4},
  publisher = {Springer Science \& Business Media},
  title     = {Electromagnetic properties of multiphase dielectrics: a primer on modeling, theory and computation},
  volume    = {64},
  year      = {2012},
}

@article{hashin1962variational,
  author    = {Hashin, Zvi and Shtrikman, Shmuel},
  doi       = {10.1063/1.1728579},
  journal   = {Journal of applied Physics},
  number    = {10},
  pages     = {3125--3131},
  publisher = {American Institute of Physics},
  title     = {A variational approach to the theory of the effective magnetic permeability of multiphase materials},
  volume    = {33},
  year      = {1962},
}

@article{Myhill2023,
    author    = {Robert Myhill and Sanne Cottaar and Timo Heister and Ian Rose and Cayman Unterborn and Juliane Dannberg and Rene Gassmoeller},
    doi       = {10.21105/joss.05389},
    number    = {87},
    pages     = {5389},
    publisher = {The Open Journal},
    title     = {BurnMan -- a Python toolkit for planetary geophysics, geochemistry and thermodynamics}, journal = {Journal of Open Source Software},
    url       = {https://doi.org/10.21105/joss.05389},
    volume    = {8},
    year      = {2023},
}

@article{ZARE2017176,
author  = {Yasser Zare and Kyong Yop Rhee},
doi     = {10.1016/j.clay.2016.12.033},
issn    = {0169-1317},
journal = {Applied Clay Science},
pages   = {176-182},
title   = {Development of Hashin-Shtrikman model to determine the roles and properties of interphases in clay/CaCO3/PP ternary nanocomposite},
url     = {https://www.sciencedirect.com/science/article/pii/S0169131716305774},
volume  = {137},
year    = {2017},
}

@article{ZERHOUNI2019344,
author  = {O. Zerhouni and M.G. Tarantino and K. Danas},
doi     = {10.1016/j.compositesb.2018.08.032},
issn    = {1359-8368},
journal = {Composites Part B: Engineering},
pages   = {344-354},
title   = {Numerically-aided 3D printed random isotropic porous materials approaching the Hashin-Shtrikman bounds},
url     = {https://www.sciencedirect.com/science/article/pii/S1359836818310710},
volume  = {156},
year    = {2019},
}

@article{commentaryHS,
  author    = {Brown, J Michael},
  doi       = {10.1016/j.cageo.2015.03.009},
  journal   = {Computers \& Geosciences},
  pages     = {95--99},
  publisher = {Elsevier},
  title     = {Determination of Hashin--Shtrikman bounds on the isotropic effective elastic moduli of polycrystals of any symmetry},
  volume    = {80},
  year      = {2015},
}

@book{zohdi-course-reader,
  author    = {Zohdi, T. I. and Wriggers, P.},
  doi       = {10.1007/11672913},
  publisher = {Springer-Verlag},
  title     = {Introduction to computational micromechanics},
  year      = {2008},
}

@article{dielectric,
  author   = {Petousis, Ioannis and Chen, Wei and Hautier, Geoffroy and Graf, Tanja and Schladt, Thomas D. and Persson, Kristin A. and Prinz, Fritz B.},
  doi      = {10.1103/physrevb.93.115151},
  issue    = {11},
  journal  = {Phys. Rev. B},
  month    = {Mar},
  numpages = {8},
  pages    = {115151},
  title    = {Benchmarking density functional perturbation theory to enable high-throughput screening of materials for dielectric constant and refractive index},
  volume   = {93},
  year     = {2016},
}
