@article{zohdi2016macromicro,
  title={An explicit macro-micro phase-averaged stress correlation for particle-enhanced composite materials in loaded structures},
  author={Zohdi, TI},
  journal={International Journal of Engineering Science},
  volume={109},
  pages={1--13},
  year={2016},
  publisher={El Sevier}
}

@book{zohdi2012electromagnetic,
  title={Electromagnetic properties of multiphase dielectrics: a primer on modeling, theory and computation},
  author={Zohdi, Tarek I},
  volume={64},
  year={2012},
  publisher={Springer Science \& Business Media}
}

@article{hashin1962variational,
  title={A variational approach to the theory of the effective magnetic permeability of multiphase materials},
  author={Hashin, Zvi and Shtrikman, Shmuel},
  journal={Journal of applied Physics},
  volume={33},
  number={10},
  pages={3125--3131},
  year={1962},
  publisher={American Institute of Physics}
}

@article{Myhill2023, 
    doi = {10.21105/joss.05389}, 
    url = {https://doi.org/10.21105/joss.05389}, 
    year = {2023}, 
    publisher = {The Open Journal}, 
    volume = {8}, 
    number = {87}, 
    pages = {5389}, 
    author = {Robert Myhill and Sanne Cottaar and Timo Heister and Ian Rose and Cayman Unterborn and Juliane Dannberg and Rene Gassmoeller}, 
    title = {BurnMan -- a Python toolkit for planetary geophysics, geochemistry and thermodynamics}, journal = {Journal of Open Source Software}
}

@article{ZARE2017176,
title = {Development of Hashin-Shtrikman model to determine the roles and properties of interphases in clay/CaCO3/PP ternary nanocomposite},
journal = {Applied Clay Science},
volume = {137},
pages = {176-182},
year = {2017},
issn = {0169-1317},
doi = {https://doi.org/10.1016/j.clay.2016.12.033},
url = {https://www.sciencedirect.com/science/article/pii/S0169131716305774},
author = {Yasser Zare and Kyong Yop Rhee}
}

@article{ZERHOUNI2019344,
title = {Numerically-aided 3D printed random isotropic porous materials approaching the Hashin-Shtrikman bounds},
journal = {Composites Part B: Engineering},
volume = {156},
pages = {344-354},
year = {2019},
issn = {1359-8368},
doi = {https://doi.org/10.1016/j.compositesb.2018.08.032},
url = {https://www.sciencedirect.com/science/article/pii/S1359836818310710},
author = {O. Zerhouni and M.G. Tarantino and K. Danas}
}

@article{commentaryHS,
  title={Determination of Hashin--Shtrikman bounds on the isotropic effective elastic moduli of polycrystals of any symmetry},
  author={Brown, J Michael},
  journal={Computers \& Geosciences},
  volume={80},
  pages={95--99},
  year={2015},
  publisher={Elsevier}
}

@book{zohdi-course-reader,
  title={Introduction to computational micromechanics},
  author={Zohdi, T. I. and Wriggers, P.},
  year={2008},
  publisher={Springer-Verlag}
}

@article{dielectric,
  title = {Benchmarking density functional perturbation theory to enable high-throughput screening of materials for dielectric constant and refractive index},
  author = {Petousis, Ioannis and Chen, Wei and Hautier, Geoffroy and Graf, Tanja and Schladt, Thomas D. and Persson, Kristin A. and Prinz, Fritz B.},
  journal = {Phys. Rev. B},
  volume = {93},
  issue = {11},
  pages = {115151},
  numpages = {8},
  year = {2016},
  month = {Mar}
}